
@misc{dscd,
  title={DS18B20},
	author={Electrodragon.com},
	note="[cit. 2016-04-15]",
  	url={http://www.electrodragon.com/w/DS18B20},
}

